<record><leader>00000cas a22000007a 4500</leader><controlfield tag="001">11739367</controlfield><controlfield tag="008">850226d183318uunyuwr ne      0    0eng d</controlfield><datafield ind1=" " ind2=" " tag="010"><subfield code="a">sn 85054186 </subfield></datafield><datafield ind1=" " ind2=" " tag="040"><subfield code="a">NYG</subfield><subfield code="b">eng</subfield><subfield code="c">NYG</subfield><subfield code="d">NYS</subfield><subfield code="d">OCL</subfield><subfield code="d">NYS</subfield><subfield code="d">OCLCQ</subfield><subfield code="d">OCLCF</subfield><subfield code="d">OCLCO</subfield></datafield><datafield ind1="1" ind2=" " tag="029"><subfield code="a">AU@</subfield><subfield code="b">000026888471</subfield></datafield><datafield ind1=" " ind2=" " tag="042"><subfield code="a">msc</subfield></datafield><datafield ind1=" " ind2=" " tag="043"><subfield code="a">n-us-ny</subfield></datafield><datafield ind1="0" ind2=" " tag="130"><subfield code="a">Chenango Democrat (Greene, N.Y.)</subfield></datafield><datafield ind1="1" ind2="4" tag="245"><subfield code="a">The Chenango Democrat.</subfield></datafield><datafield ind1=" " ind2=" " tag="260"><subfield code="a">Greene, N.Y. :</subfield><subfield code="b">N. Randall</subfield></datafield><datafield ind1=" " ind2=" " tag="300"><subfield code="a">v. ;</subfield><subfield code="c">53-58 cm.</subfield></datafield><datafield ind1=" " ind2=" " tag="310"><subfield code="a">Weekly</subfield></datafield><datafield ind1="1" ind2=" " tag="362"><subfield code="a">Began with Sept. 10, 1833.</subfield><subfield code="z">Cf. Gregory, W. Amer. newspapers.</subfield></datafield><datafield ind1=" " ind2=" " tag="500"><subfield code="a">Publishers: N. Randall, &lt;1833&gt;; Thomas Johnson, &lt;1834&gt;.</subfield></datafield><datafield ind1=" " ind2=" " tag="500"><subfield code="a">Published every Tuesday.</subfield></datafield><datafield ind1=" " ind2=" " tag="500"><subfield code="a">"The union-it must be preserved."</subfield></datafield><datafield ind1=" " ind2=" " tag="588"><subfield code="a">Description based on: Vol. 1, no. 6 (Oct. 15, 1833).</subfield></datafield><datafield ind1=" " ind2="0" tag="651"><subfield code="a">Greene (N.Y.)</subfield><subfield code="v">Newspapers.</subfield></datafield><datafield ind1=" " ind2="7" tag="655"><subfield code="a">Newspapers.</subfield><subfield code="2">fast</subfield><subfield code="0">(OCoLC)fst01423814</subfield></datafield><datafield ind1=" " ind2="7" tag="651"><subfield code="a">New York (State)</subfield><subfield code="z">Greene.</subfield><subfield code="2">fast</subfield><subfield code="0">(OCoLC)fst01219271</subfield></datafield><datafield ind1=" " ind2=" " tag="752"><subfield code="a">United States</subfield><subfield code="b">New York</subfield><subfield code="c">Chenango</subfield><subfield code="d">Greene.</subfield></datafield><datafield ind1="0" ind2="0" tag="780"><subfield code="t">Chenango patriot (Greene, N.Y.)</subfield><subfield code="w">(DLC)sn 93052629</subfield><subfield code="w">(OCoLC)28706722</subfield></datafield></record>